<?xml version="1.0" encoding="UTF-8"?><record xmlns="http://www.loc.gov/MARC21/slim" xmlns:cinclude="http://apache.org/cocoon/include/1.0" xmlns:zs="http://www.loc.gov/zing/srw/">
  <leader>00696cz  a2200181n  4500</leader>
  <controlfield tag="001">nr2005017791</controlfield>
  <controlfield tag="003">DLC</controlfield>
  <controlfield tag="005">20130323100542.0</controlfield>
  <controlfield tag="008">050801n| azannaabn           a aaa     c</controlfield>
  <datafield tag="010" ind1=" " ind2=" ">
    <subfield code="a">nr2005017791</subfield>
  </datafield>
  <datafield tag="040" ind1=" " ind2=" ">
    <subfield code="a">CSmH</subfield>
    <subfield code="b">eng</subfield>
    <subfield code="e">rda</subfield>
    <subfield code="c">CSmH</subfield>
    <subfield code="d">DLC</subfield>
  </datafield>
  <datafield tag="046" ind1=" " ind2=" ">
    <subfield code="g">1576</subfield>
  </datafield>
  <datafield tag="100" ind1="1" ind2=" ">
    <subfield code="a">Puga, Vasco de,</subfield>
    <subfield code="d">-1576</subfield>
  </datafield>
  <datafield tag="400" ind1="1" ind2=" ">
    <subfield code="a">De Puga, Vasco,</subfield>
    <subfield code="d">-1576</subfield>
  </datafield>
  <datafield tag="400" ind1="1" ind2=" ">
    <subfield code="w">nnea</subfield>
    <subfield code="a">Puga, Vasco de,</subfield>
    <subfield code="d">d. 1576</subfield>
  </datafield>
  <datafield tag="400" ind1="1" ind2=" ">
    <subfield code="a">Puga, Vascus a,</subfield>
    <subfield code="d">-1576</subfield>
  </datafield>
  <datafield tag="670" ind1=" " ind2=" ">
    <subfield code="a">New Spain. Provisiones cedulas instruciones de su Magestad, 1563:</subfield>
    <subfield code="b">recto of leaf 3 (doctor Vascus a Puga)</subfield>
  </datafield>
  <datafield tag="670" ind1=" " ind2=" ">
    <subfield code="a">Diccionario Porrua:</subfield>
    <subfield code="b">v.3, p. 2831-2 (Puga, Vasco de (?-1576), born in Granada, Spain; journed to New Spain in 1559; doctor of the Universidad de Mexico)</subfield>
  </datafield>
</record>